@book{ROC,
 author = {R. Tyrrell Rockafellar},
 title = {Convex Analysis},
 publisher = {Princeton University Press},
 year = {1970}
}

@article{bubeck,
  author = {S{\'e}bastien Bubeck},
  title = {Theory of Convex Optimization for Machine Learning},
  year = {2014},
  note = {{\tt arXiv:1405.4980 [math.OC]}},
}

@book{HULL,
    author = {Jean-Baptiste Hiriart-Urruty and Claude Lemar\'echal},
    title = {Fundamentals of Convex Analysis},
    publisher = {Springer Publishing Company, Incorporated},
    year = {2001}
}

