%% This BibTeX bibliography file was created using BibDesk.
%% http://bibdesk.sourceforge.net/

%% Created for 吉梓玮 at 2016-09-14 12:12:44 -0500 


%% Saved with string encoding Unicode (UTF-8) 

@article{RUW15,
  title={Watch and learn: Optimizing from revealed preferences feedback},
  author={Roth, Aaron and Ullman, Jonathan and Wu, Zhiwei Steven},
  journal={ACM SIGecom Exchanges},
  volume={14},
  number={1},
  pages={101--104},
  year={2015},
  publisher={ACM}
}

@article{RSUW16,
  title={Multidimensional Dynamic Pricing for Welfare Maximization},
  author={Roth, Aaron and Slivkins, Aleksandrs and Ullman, Jonathan and Wu, Zhiwei Steven},
  journal={arXiv preprint arXiv:1607.05397},
  year={2016}
}

@inproceedings{BJN07,
	Author = {Buchbinder, Niv and Jain, Kamal and Naor, Joseph Seffi},
	Booktitle = {European Symposium on Algorithms},
	Date-Added = {2016-09-05 21:46:50 +0000},
	Date-Modified = {2016-09-05 21:47:38 +0000},
	Editor = {253--264},
	Organization = {Springer},
	Title = {Online primal-dual algorithms for maximizing ad-auctions revenue},
	Year = {2007}}

@inproceedings{AGKM11,
	Author = {Aggarwal, Gagan and Goel, Gagan and Karande, Chinmay and Mehta, Aranyak},
	Booktitle = {Proceedings of the twenty-second annual ACM-SIAM symposium on Discrete Algorithms},
	Date-Added = {2016-09-05 21:44:37 +0000},
	Date-Modified = {2016-09-05 21:45:42 +0000},
	Organization = {SIAM},
	Pages = {1253--1264},
	Title = {Online vertex-weighted bipartite matching and single-bid budgeted allocations},
	Year = {2011}}

@inproceedings{DJK13,
	Author = {Devanur, Nikhil R and Jain, Kamal and Kleinberg, Robert D},
	Booktitle = {Proceedings of the Twenty-Fourth Annual ACM-SIAM Symposium on Discrete Algorithms},
	Date-Added = {2016-09-05 21:29:47 +0000},
	Date-Modified = {2016-09-05 21:31:20 +0000},
	Organization = {Society for Industrial and Applied Mathematics},
	Pages = {101--107},
	Title = {Randomized primal-dual analysis of ranking for online bipartite matching},
	Year = {2013}}

@article{MSVV07,
	Author = {Mehta, Aranyak and Saberi, Amin and Vazirani, Umesh and Vazirani, Vijay},
	Date-Added = {2016-05-23 13:35:45 +0000},
	Date-Modified = {2016-05-23 13:36:40 +0000},
	Journal = {Journal of the ACM (JACM)},
	Number = {5},
	Pages = {22},
	Title = {Adwords and generalized online matching},
	Volume = {54},
	Year = {2007}}

@article{AWY09,
	Author = {Agrawal, Shipra and Wang, Zizhuo and Ye, Yinyu},
	Date-Added = {2016-05-23 13:33:30 +0000},
	Date-Modified = {2016-05-23 13:34:00 +0000},
	Journal = {arXiv preprint arXiv:0911.2974},
	Title = {A dynamic near-optimal algorithm for online linear programming},
	Year = {2009}}

@inproceedings{DH09,
	Author = {Devanur, Nikhil R and Hayes, Thomas P},
	Booktitle = {Proceedings of the 10th ACM conference on Electronic commerce},
	Date-Added = {2016-05-23 13:32:01 +0000},
	Date-Modified = {2016-05-23 13:32:49 +0000},
	Organization = {ACM},
	Pages = {71--78},
	Title = {The adwords problem: online keyword matching with budgeted bidders under random permutations},
	Year = {2009}}

@inproceedings{AD15,
	Author = {Agrawal, Shipra and Devanur, Nikhil R},
	Booktitle = {Proceedings of the Twenty-Sixth Annual ACM-SIAM Symposium on Discrete Algorithms},
	Date-Added = {2016-05-23 13:30:31 +0000},
	Date-Modified = {2016-05-23 13:31:35 +0000},
	Organization = {SIAM},
	Pages = {1405--1424},
	Title = {Fast algorithms for online stochastic convex programming},
	Year = {2015}}

@article{S07,
	Author = {Shalev-Shwartz, Shai and Singer, Yoram},
	Date-Added = {2016-10-29 22:29:17 +0000},
	Date-Modified = {2016-10-29 22:30:27 +0000},
	Journal = {Citeseer},
	Title = {Online learning: Theory, algorithms, and applications},
	Year = {2007}}

@article{KST09,
  title={On the duality of strong convexity and strong smoothness: Learning applications and matrix regularization},
  author={Kakade, Sham and Shalev-Shwartz, Shai and Tewari, Ambuj},
  journal={Unpublished Manuscript, http://ttic. uchicago. edu/shai/papers/KakadeShalevTewari09. pdf},
  year={2009}
}

@book{N13,
	Author = {Nesterov, Yurii},
	Date-Added = {2016-10-25 17:14:45 +0000},
	Date-Modified = {2016-10-25 17:15:20 +0000},
	Publisher = {Springer Science & Business Media},
	Title = {Introductory lectures on convex optimization: A basic course},
	Year = {2013}}

@book{BV04,
	Author = {Boyd, Stephen and Vandenberghe, Lieven},
	Date-Added = {2016-10-25 17:12:44 +0000},
	Date-Modified = {2016-10-25 17:13:13 +0000},
	Publisher = {Cambridge university press},
	Title = {Convex optimization},
	Year = {2004}}

@book{ROC,
 author = {R. Tyrrell Rockafellar},
 title = {Convex Analysis},
 publisher = {Princeton University Press},
 year = {1970}
}

@article{bubeck,
  author = {S{\'e}bastien Bubeck},
  title = {Theory of Convex Optimization for Machine Learning},
  year = {2014},
  note = {{\tt arXiv:1405.4980 [math.OC]}},
}

@article{S11,
  title={Online learning and online convex optimization},
  author={Shalev-Shwartz, Shai},
  journal={Foundations and Trends in Machine Learning},
  volume={4},
  number={2},
  pages={107--194},
  year={2011}
}

@book{HULL,
    author = {Jean-Baptiste Hiriart-Urruty and Claude Lemar\'echal},
    title = {Fundamentals of Convex Analysis},
    publisher = {Springer Publishing Company, Incorporated},
    year = {2001}
}

@inproceedings{MY11,
	Author = {Mahdian, Mohammad and Yan, Qiqi},
	Booktitle = {Proceedings of the forty-third annual ACM symposium on Theory of computing},
	Date-Added = {2016-05-23 13:29:02 +0000},
	Date-Modified = {2016-05-23 13:29:54 +0000},
	Organization = {ACM},
	Pages = {597--606},
	Title = {Online bipartite matching with random arrivals: an approach based on strongly factor-revealing lps},
	Year = {2011}}

@inproceedings{KMT11,
	Author = {Karande, Chinmay and Mehta, Aranyak and Tripathi, Pushkar},
	Booktitle = {Proceedings of the forty-third annual ACM symposium on Theory of computing},
	Date-Added = {2016-05-23 13:26:53 +0000},
	Date-Modified = {2016-05-23 13:27:36 +0000},
	Organization = {ACM},
	Pages = {587--596},
	Title = {Online bipartite matching with unknown distributions},
	Year = {2011}}

@inproceedings{KVV90,
	Author = {Karp, Richard M and Vazirani, Umesh V and Vazirani, Vijay V},
	Booktitle = {Proceedings of the twenty-second annual ACM symposium on Theory of computing},
	Date-Added = {2016-05-23 13:22:06 +0000},
	Date-Modified = {2016-05-23 13:22:59 +0000},
	Organization = {ACM},
	Pages = {352--358},
	Title = {An optimal algorithm for on-line bipartite matching},
	Year = {1990}}


