%% This BibTex file tracks Ziwei's references in algorithmic game theory.
%% Important hard links include:
%% Research/Tools/BibTeX/AGT.bib;
%% Notes/Computational_Economics/Notes_on_Computational_Economics.bib.

@book{NRTV07,
  title={Algorithmic game theory},
  author={Nisan, Noam and Roughgarden, Tim and Tardos, Eva and Vazirani, Vijay V},
  volume={1},
  year={2007},
  publisher={Cambridge University Press Cambridge}
}

%% Online Matching and Adwords Problem
@inproceedings{BJN07,
	Author = {Buchbinder, Niv and Jain, Kamal and Naor, Joseph Seffi},
	Booktitle = {European Symposium on Algorithms},
	Date-Added = {2016-09-05 21:46:50 +0000},
	Date-Modified = {2016-09-05 21:47:38 +0000},
	Editor = {253--264},
	Organization = {Springer},
	Title = {Online primal-dual algorithms for maximizing ad-auctions revenue},
	Year = {2007}}

@inproceedings{AGKM11,
	Author = {Aggarwal, Gagan and Goel, Gagan and Karande, Chinmay and Mehta, Aranyak},
	Booktitle = {Proceedings of the twenty-second annual ACM-SIAM symposium on Discrete Algorithms},
	Date-Added = {2016-09-05 21:44:37 +0000},
	Date-Modified = {2016-09-05 21:45:42 +0000},
	Organization = {SIAM},
	Pages = {1253--1264},
	Title = {Online vertex-weighted bipartite matching and single-bid budgeted allocations},
	Year = {2011}}

@inproceedings{DJK13,
	Author = {Devanur, Nikhil R and Jain, Kamal and Kleinberg, Robert D},
	Booktitle = {Proceedings of the Twenty-Fourth Annual ACM-SIAM Symposium on Discrete Algorithms},
	Date-Added = {2016-09-05 21:29:47 +0000},
	Date-Modified = {2016-09-05 21:31:20 +0000},
	Organization = {Society for Industrial and Applied Mathematics},
	Pages = {101--107},
	Title = {Randomized primal-dual analysis of ranking for online bipartite matching},
	Year = {2013}}

@article{MSVV07,
	Author = {Mehta, Aranyak and Saberi, Amin and Vazirani, Umesh and Vazirani, Vijay},
	Date-Added = {2016-05-23 13:35:45 +0000},
	Date-Modified = {2016-05-23 13:36:40 +0000},
	Journal = {Journal of the ACM (JACM)},
	Number = {5},
	Pages = {22},
	Title = {Adwords and generalized online matching},
	Volume = {54},
	Year = {2007}}

@inproceedings{DH09,
	Author = {Devanur, Nikhil R and Hayes, Thomas P},
	Booktitle = {Proceedings of the 10th ACM conference on Electronic commerce},
	Date-Added = {2016-05-23 13:32:01 +0000},
	Date-Modified = {2016-05-23 13:32:49 +0000},
	Organization = {ACM},
	Pages = {71--78},
	Title = {The adwords problem: online keyword matching with budgeted bidders under random permutations},
	Year = {2009}}

@inproceedings{MY11,
	Author = {Mahdian, Mohammad and Yan, Qiqi},
	Booktitle = {Proceedings of the forty-third annual ACM symposium on Theory of computing},
	Date-Added = {2016-05-23 13:29:02 +0000},
	Date-Modified = {2016-05-23 13:29:54 +0000},
	Organization = {ACM},
	Pages = {597--606},
	Title = {Online bipartite matching with random arrivals: an approach based on strongly factor-revealing lps},
	Year = {2011}}

@inproceedings{KMT11,
	Author = {Karande, Chinmay and Mehta, Aranyak and Tripathi, Pushkar},
	Booktitle = {Proceedings of the forty-third annual ACM symposium on Theory of computing},
	Date-Added = {2016-05-23 13:26:53 +0000},
	Date-Modified = {2016-05-23 13:27:36 +0000},
	Organization = {ACM},
	Pages = {587--596},
	Title = {Online bipartite matching with unknown distributions},
	Year = {2011}}

@inproceedings{KVV90,
	Author = {Karp, Richard M and Vazirani, Umesh V and Vazirani, Vijay V},
	Booktitle = {Proceedings of the twenty-second annual ACM symposium on Theory of computing},
	Date-Added = {2016-05-23 13:22:06 +0000},
	Date-Modified = {2016-05-23 13:22:59 +0000},
	Organization = {ACM},
	Pages = {352--358},
	Title = {An optimal algorithm for on-line bipartite matching},
	Year = {1990}}

%% Pricing in Combinatorial Auctions
@inproceedings{BBM08,
  title={Item pricing for revenue maximization},
  author={Balcan, Maria-Florina and Blum, Avrim and Mansour, Yishay},
  booktitle={Proceedings of the 9th ACM conference on Electronic commerce},
  pages={50--59},
  year={2008},
  organization={ACM}
}

@inproceedings{FGL15,
  title={Combinatorial auctions via posted prices},
  author={Feldman, Michal and Gravin, Nick and Lucier, Brendan},
  booktitle={Proceedings of the Twenty-Sixth Annual ACM-SIAM Symposium on Discrete Algorithms},
  pages={123--135},
  year={2015},
  organization={Society for Industrial and Applied Mathematics}
}


@inproceedings{BGMS11,
  title={Welfare and profit maximization with production costs},
  author={Blum, Avrim and Gupta, Anupam and Mansour, Yishay and Sharma, Ankit},
  booktitle={Foundations of Computer Science (FOCS), 2011 IEEE 52nd Annual Symposium on},
  pages={77--86},
  year={2011},
  organization={IEEE}
}

@article{CHK13,
  title={Dynamic and nonuniform pricing strategies for revenue maximization},
  author={Chakraborty, Tanmoy and Huang, Zhiyi and Khanna, Sanjeev},
  journal={SIAM Journal on Computing},
  volume={42},
  number={6},
  pages={2424--2451},
  year={2013},
  publisher={SIAM}
}

%% Mechanisms without Money
@article{AS99,
  title={House allocation with existing tenants},
  author={Abdulkadiro{\u{g}}lu, Atila and S{\"o}nmez, Tayfun},
  journal={Journal of Economic Theory},
  volume={88},
  number={2},
  pages={233--260},
  year={1999},
  publisher={Elsevier}
}

@article{R08,
  title={Deferred acceptance algorithms: History, theory, practice, and open questions},
  author={Roth, Alvin E},
  journal={international Journal of game Theory},
  volume={36},
  number={3-4},
  pages={537--569},
  year={2008},
  publisher={Springer}
}

@book{OR94,
  title={A course in game theory},
  author={Osborne, Martin J and Rubinstein, Ariel},
  year={1994},
  publisher={MIT press}
}

@book{J01,
  title={Advanced microeconomic theory},
  author={Jehle, Geoffrey Alexander},
  year={2001},
  publisher={Pearson Education India}
}

%% Market Equilibrium
@article{GS99,
  title={Walrasian equilibrium with gross substitutes},
  author={Gul, Faruk and Stacchetti, Ennio},
  journal={Journal of Economic theory},
  volume={87},
  number={1},
  pages={95--124},
  year={1999},
  publisher={Elsevier}
}

@article{KC82,
  title={Job matching, coalition formation, and gross substitutes},
  author={Kelso Jr, Alexander S and Crawford, Vincent P},
  journal={Econometrica: Journal of the Econometric Society},
  pages={1483--1504},
  year={1982},
  publisher={JSTOR}
}

